<mx:record xmlns="http://www.w3.org/TR/xhtml1/strict" xmlns:mx="http://www.loc.gov/MARC21/slim" xmlns:xsi="http://www.w3.org/2001/XMLSchema-instance"><mx:leader>00000nz   2200000n  4500</mx:leader><mx:controlfield tag="001">oca01744957 </mx:controlfield><mx:controlfield tag="005">19870115063355.6</mx:controlfield><mx:controlfield tag="008">861117n| acannaab|          |a aaa |||  </mx:controlfield><mx:datafield ind1=" " ind2=" " tag="010"><mx:subfield code="a">n  86092955</mx:subfield></mx:datafield><mx:datafield ind1=" " ind2=" " tag="040"><mx:subfield code="a">DLC</mx:subfield><mx:subfield code="c">DLC</mx:subfield></mx:datafield><mx:datafield ind1="0" ind2=" " tag="100"><mx:subfield code="a">Metrodorus,</mx:subfield><mx:subfield code="c">of Lampsacus,</mx:subfield><mx:subfield code="d">331 or 330-278 or 7 B.C.</mx:subfield></mx:datafield><mx:datafield ind1="0" ind2=" " tag="400"><mx:subfield code="a">Metrodorus,</mx:subfield><mx:subfield code="c">Epicureus,</mx:subfield><mx:subfield code="d">331 or 330-278 or 7 B.C.</mx:subfield></mx:datafield><mx:datafield ind1="0" ind2=" " tag="400"><mx:subfield code="a">Mētrodōros,</mx:subfield><mx:subfield code="c">ek Lampsakou,</mx:subfield><mx:subfield code="d">331 or 330-278 or 7 B.C.</mx:subfield></mx:datafield><mx:datafield ind1=" " ind2=" " tag="670"><mx:subfield code="a">Epicureanism, 1987:</mx:subfield><mx:subfield code="b">CIP t.p. (Metrodori Epicurei ...)</mx:subfield></mx:datafield><mx:datafield ind1=" " ind2=" " tag="670"><mx:subfield code="a">Oxford class. dict.</mx:subfield><mx:subfield code="b">(Metrodorus, of Lampsacus, 331 or 330-278 or 7 B.C.)</mx:subfield></mx:datafield><mx:datafield ind1=" " ind2=" " tag="670"><mx:subfield code="a">NUC</mx:subfield><mx:subfield code="b">(Metrodorus, of Lampsacus, Epicurean)</mx:subfield></mx:datafield><mx:datafield ind1=" " ind2=" " tag="670"><mx:subfield code="a">BLC</mx:subfield><mx:subfield code="b">(Metrodorus, Epicurean philosopher)</mx:subfield></mx:datafield><mx:datafield ind1=" " ind2=" " tag="670"><mx:subfield code="a">Papyros-Larous.</mx:subfield><mx:subfield code="b">(Mētrodōros, ek Lampsakou, fl. 3 cent. B.C.)</mx:subfield></mx:datafield></mx:record>